@inproceedings{Sliwerski:2005:CIF:1083142.1083147,
 author = {\'{S}liwerski, Jacek and Zimmermann, Thomas and Zeller, Andreas},
 title = {When do changes induce fixes?},
 booktitle = {Proceedings of the 2005 international workshop on Mining software repositories},
 series = {MSR '05},
 year = {2005},
 isbn = {1-59593-123-6},
 location = {St. Louis, Missouri},
 pages = {1--5},
 numpages = {5},
 url = {http://doi.acm.org/10.1145/1082983.1083147},
 doi = {10.1145/1082983.1083147},
 acmid = {1083147},
 publisher = {ACM},
 address = {New York, NY, USA},
} 
@inproceedings{Bachmann:2010:MLB:1882291.1882308,
 author = {Bachmann, Adrian and Bird, Christian and Rahman, Foyzur and Devanbu, Premkumar and Bernstein, Abraham},
 title = {The missing links: bugs and bug-fix commits},
 booktitle = {Proceedings of the eighteenth ACM SIGSOFT international symposium on Foundations of software engineering},
 series = {FSE '10},
 year = {2010},
 isbn = {978-1-60558-791-2},
 location = {Santa Fe, New Mexico, USA},
 pages = {97--106},
 numpages = {10},
 url = {http://doi.acm.org/10.1145/1882291.1882308},
 doi = {10.1145/1882291.1882308},
 acmid = {1882308},
 publisher = {ACM},
 address = {New York, NY, USA},
 keywords = {apache, bias, case study, manual annotation, tool},
} 
@inproceedings{Bettenburg:2008:ESI:1370750.1370757,
 author = {Bettenburg, Nicolas and Premraj, Rahul and Zimmermann, Thomas and Kim, Sunghun},
 title = {Extracting structural information from bug reports},
 booktitle = {Proceedings of the 2008 international working conference on Mining software repositories},
 series = {MSR '08},
 year = {2008},
 isbn = {978-1-60558-024-1},
 location = {Leipzig, Germany},
 pages = {27--30},
 numpages = {4},
 url = {http://doi.acm.org/10.1145/1370750.1370757},
 doi = {10.1145/1370750.1370757},
 acmid = {1370757},
 publisher = {ACM},
 address = {New York, NY, USA},
 keywords = {bug reports, patches, source code, stack traces, structural information},
} 
@ARTICLE{4721184, 
author={Wolf, T. and Schroter, A. and Damian, D. and Panjer, L.D. and Nguyen, T.H.D.}, 
journal={Software, IEEE}, title={Mining Task-Based Social Networks to Explore Collaboration in Software Teams}, 
year={2009}, 
month={jan.-feb. }, 
volume={26}, 
number={1}, 
pages={58 -66}, 
keywords={collaboration;repository-independent approach;software teams;task-based communication;task-based social networks;groupware;project management;social networking (online);software development management;team working;}, 
doi={10.1109/MS.2009.16}, 
ISSN={0740-7459},}